@book{cressie1993statistics,
  title={Statistics for spatial data},
  author={Cressie, Noel},
  year={1993},
  publisher={John Wiley \& Sons}
}


@article{de2012bayesian,
  title={Bayesian analysis of conditional autoregressive models},
  author={Oliveira, Victor de},
  journal={Annals of the Institute of Statistical Mathematics},
  volume={64},
  number={1},
  pages={107--133},
  year={2012},
  publisher={Springer}
}


@article{krainski2008estrutura,
  title={Estrutura de covari{\^a}ncia de modelos espaciais para dados de {\'a}rea},
  author={Krainski, Elias Teixeira},
  year={2008},
  publisher={Universidade Federal de Minas Gerais}
}

@techreport{Peng2009,
author = {Peng, Defen},
title = {{Inferences in the Interval Censored Exponential Regression Model}},
url = {https://macsphere.mcmaster.ca/bitstream/11375/9133/1/fulltext.pdf},
year = {2009}
}

@misc{Portal Action,
  title = {{Estimando os Parâmetros do Modelo} Distribuição Exponencial},
  howpublished = {\url{http://www.portalaction.com.br/confiabilidade/63-estimando-os-parametros-do-modelo}},
  note = {Accessed: 2018-11-10}
}

@article{de2016modelo,
  title={Modelo de regress{\~a}o espacial para estimativa da produtividade da soja associada a vari{\'a}veis agrometeorol{\'o}gicas na regi{\~a}o oeste do estado do Paran{\'a}},
  author={Ara{\'u}jo, Everton Coimbra de and Opazo, Miguel Angel Uribe and Johann, Jerry Adriani},
  journal={Engenharia Agr{\'\i}cola},
  volume={34},
  number={2},
  year={2016},
  publisher={SciELO Brasil}
}


@article{alam2015fitting,
  title={Fitting conditional and simultaneous autoregressive spatial models in hglm},
  author={Alam, Moudud and R{\"o}nneg{\aa}rd, Lars and Shen, Xia},
  journal={The R Journal},
  volume={7},
  number={2},
  pages={5--18},
  year={2015}
}


@article{lee2013carbayes,
  title={CARBayes: an R package for Bayesian spatial modeling with conditional autoregressive priors},
  author={Lee, Duncan},
  journal={Journal of Statistical Software},
  volume={55},
  number={13},
  pages={1--24},
  year={2013},
  publisher={American Statistical Association}
}


@article{wall2004close,
  title={A close look at the spatial structure implied by the CAR and SAR models},
  author={Wall, Melanie M},
  journal={Journal of statistical planning and inference},
  volume={121},
  number={2},
  pages={311--324},
  year={2004},
  publisher={Elsevier}
}